<record><leader>00000cas a2200000 a 4500</leader><controlfield tag="001">16617850</controlfield><controlfield tag="008">870831d19871988kyucr ne      0   a0eng d</controlfield><datafield ind1=" " ind2=" " tag="010"><subfield code="a">sn 87060313 </subfield></datafield><datafield ind1=" " ind2=" " tag="040"><subfield code="a">KNP</subfield><subfield code="b">eng</subfield><subfield code="c">KNP</subfield><subfield code="d">NSD</subfield><subfield code="d">KNP</subfield><subfield code="d">NSD</subfield><subfield code="d">KNP</subfield><subfield code="d">OCL</subfield><subfield code="d">OCLCQ</subfield><subfield code="d">DLC</subfield><subfield code="d">OCLCQ</subfield><subfield code="d">KYUBL</subfield><subfield code="d">OCLCF</subfield><subfield code="d">OCLCO</subfield></datafield><datafield ind1=" " ind2=" " tag="012"><subfield code="m">d</subfield></datafield><datafield ind1="1" ind2=" " tag="022"><subfield code="a">0896-3355</subfield><subfield code="l">0896-3355</subfield><subfield code="y">0890-894X</subfield><subfield code="2">1</subfield></datafield><datafield ind1="1" ind2=" " tag="029"><subfield code="a">AU@</subfield><subfield code="b">000020480689</subfield></datafield><datafield ind1=" " ind2=" " tag="037"><subfield code="b">Adair County Newspapers, Inc., 18 N. Reed St., Columbia, KY 42728-1304</subfield></datafield><datafield ind1=" " ind2=" " tag="042"><subfield code="a">msc</subfield><subfield code="a">nsdp</subfield></datafield><datafield ind1=" " ind2="0" tag="222"><subfield code="a">Columbia-Adair County news-statesman</subfield></datafield><datafield ind1="0" ind2="0" tag="245"><subfield code="a">Columbia-Adair County news-statesman.</subfield></datafield><datafield ind1="3" ind2="0" tag="246"><subfield code="a">Columbia Adair County news statesman</subfield></datafield><datafield ind1="1" ind2="3" tag="246"><subfield code="a">News-statesman</subfield></datafield><datafield ind1="3" ind2="0" tag="246"><subfield code="a">News statesman</subfield></datafield><datafield ind1=" " ind2=" " tag="260"><subfield code="a">Columbia, Ky. :</subfield><subfield code="b">Adair County Newspapers,</subfield><subfield code="c">1987-1988.</subfield></datafield><datafield ind1=" " ind2=" " tag="300"><subfield code="a">v. :</subfield><subfield code="b">ill.</subfield></datafield><datafield ind1=" " ind2=" " tag="310"><subfield code="a">Semiweekly</subfield></datafield><datafield ind1="0" ind2=" " tag="362"><subfield code="a">Vol. 70, no. 42 (Aug. 13, 1987)-v. 91, no. 77 (Aug. 2, 1988).</subfield></datafield><datafield ind1=" " ind2=" " tag="515"><subfield code="a">Continues the numbering of the Adair County news.</subfield></datafield><datafield ind1=" " ind2="0" tag="651"><subfield code="a">Adair County (Ky.)</subfield><subfield code="v">Newspapers.</subfield></datafield><datafield ind1=" " ind2="0" tag="651"><subfield code="a">Columbia (Ky.)</subfield><subfield code="v">Newspapers.</subfield></datafield><datafield ind1=" " ind2="7" tag="655"><subfield code="a">Newspapers.</subfield><subfield code="2">fast</subfield><subfield code="0">(OCoLC)fst01423814</subfield></datafield><datafield ind1=" " ind2="7" tag="651"><subfield code="a">Kentucky</subfield><subfield code="z">Adair County.</subfield><subfield code="2">fast</subfield><subfield code="0">(OCoLC)fst01211107</subfield></datafield><datafield ind1=" " ind2="7" tag="651"><subfield code="a">Kentucky</subfield><subfield code="z">Columbia.</subfield><subfield code="2">fast</subfield><subfield code="0">(OCoLC)fst01229011</subfield></datafield><datafield ind1=" " ind2=" " tag="752"><subfield code="a">United States</subfield><subfield code="b">Kentucky</subfield><subfield code="c">Adair</subfield><subfield code="d">Columbia.</subfield></datafield><datafield ind1="0" ind2="4" tag="780"><subfield code="t">Adair County news</subfield><subfield code="x">1940-7432</subfield><subfield code="w">(DLC)sn 86069496</subfield><subfield code="w">(OCoLC)14196349</subfield></datafield><datafield ind1="0" ind2="4" tag="780"><subfield code="t">Columbia statesman (Columbia, Ky. : 1986)</subfield><subfield code="x">0890-894X</subfield><subfield code="w">(DLC)sn 86069549</subfield><subfield code="w">(OCoLC)14208057</subfield></datafield><datafield ind1="0" ind2="0" tag="785"><subfield code="t">Adair County news-statesman</subfield><subfield code="w">(DLC)sn 89058422</subfield><subfield code="w">(OCoLC)19761961</subfield></datafield></record>